@article{einstein,
    author =       "Albert Einstein",
    title =        "{Zur Elektrodynamik bewegter K{\"o}rper}. ({German})
        [{On} the electrodynamics of moving bodies]",
    journal =      "Annalen der Physik",
    volume =       "322",
    number =       "10",
    pages =        "891--921",
    year =         "1905",
    DOI =          "http://dx.doi.org/10.1002/andp.19053221004"
}

@book{latexcompanion,
    author    = "Goossens M. and Frank Mittelbach and Alexander Samarin",
    title     = "The \LaTeX\ Companion",
    year      = "1993",
    publisher = "Addison-Wesley",
    address   = "Reading, Massachusetts"
}

@misc{knuthwebsite,
    author    = "Donald Knuth",
    title     = "Knuth: Computers and Typesetting",
    howpublished = {\url{http://www-cs-faculty.stanford.edu/\~{}uno/abcde.html}},
    note = {30.09.2020}
}

@article{scientificelephant,
author = {Chartier, Laura and Zimmermann, Alexandra and Ladle, Richard},
year = {2011},
month = {10},
pages = {528 - 533},
title = "{Habitat loss and human-elephant conflict in Assam, India: Does a critical threshold exist?}",
volume = {45},
journal = {Oryx},
doi = {10.1017/S0030605311000044}
}

@article{philip-wildlife,
author = {Nyhus, Philip J.},
year = {2016},
title = "{Human–Wildlife Conflict and Coexistence}",
journal = {Annual Review of Environment and Resources},
pages = {143-171},
volume = {41},
month = {11},
doi = {10.1146/annurev-environ-110615-085634},
}

@misc{conflict-manual,
    title     = "{SARPO, WWF. Human Wildlife Conflict Manual}",
    howpublished = {\url{https://wwf.panda.org/our_work/wildlife/human_wildlife_conflict/hwc_news/?84540/Human-Wildlife-Conflict-Manual}},
    note = {12.06.2020}
}

@misc{wildlabs-polarbears,
    title = "{WILDLABS, WWF. Human Wildlife Conflict Tech Challenge: Polar Bear Case}",
    howpublished = {\url{https://www.wildlabs.net/hwc-tech-challenge-polar-bear-case}},
    note = {14.06.2020}
}

@misc{wildlabs-tigers,
    title = "{WILDLABS, WWF. Human Wildlife Conflict Tech Challenge: Tiger Case}",
    howpublished = {\url{https://www.wildlabs.net/hwc-tech-challenge-tiger-case}},
    note = {14.06.2020}
}

@misc{wildlabs-elephants,
    title = "{WILDLABS, WWF. Human Wildlife Conflict Tech Challenge: Asian Elephant Case}",
    howpublished = {\url{https://www.wildlabs.net/hwc-tech-challenge-elephant-case}},
    note = {14.06.2020}
}

@misc{wildlabs,
    title = "{WILDLABS, WWF. Human Wildlife Conflict Tech Challenge}",
    howpublished = {\url{https://www.wildlabs.net/hwc-tech-challenge}},
    note = {14.06.2020}
}

@misc{wildlabs-winners,
    title = "{WILDLABS, WWF. HWC Tech Challenge Winners Announced}",
    howpublished = {\url{https://www.wildlabs.net/resources/news/hwc-tech-challenge-winners-announced}},
    note = {20.06.2020}
}

@misc{arribada-assam,
    title = "{Dangerfield A. Progress report – January 2019 – Thermal imaging for human-wildlife conflict}",
    howpublished = {\url{https://www.wildlabs.net/resources/news/hwc-tech-challenge-winners-announced}},
    note = {20.06.2020}
}
@misc{cause-of-death,
    title = "{Ganesh, S. Human-elephant conflict kills 1,713 people, 373 pachyderms in 3 years}",
    howpublished = {\url{https://www.thehindu.com/news/national/human-elephant-conflict-kills-1713-people-373-pachyderms-in-3-years/article26225515.ece}},
    note = {14.06.2020}
}

@book{geron,
  publisher = {O'Reilly Media},
  address = {Sebastopol, CA},
  author = {Geron, Aurelien},
  title = "{Hands-on machine learning with Scikit-Learn and TensorFlow: concepts, tools, and techniques to build intelligent systems, 2nd edition}",
  year = 2019
}

@book{tinyml,
  address = {Sebastopol, CA},
  author = {Warden, Pete and Situnayake, Daniel},
  publisher = {O'Reilly Media},
  title = "{TinyML: Machine Learning with TensorFlow Lite on Arduino and Ultra-Low-Power Microcontrollers}",
  year = 2019
}

@book{burkovml,
  title = "{The Hundred-Page Machine Learning Book}",
  author = {Burkov, A.},
  year={2019},
  publisher={Andriy Burkov}
}

@misc{cs231n,
    title = "{Li F., Karpathy A., “Cs231n: Convolutional neural net-
works for visual recognition.” Stanford University course.}",
    howpublished = {\url{http://cs231n.stanford.edu/}},
    note = {25.06.2020}
}

@article{hello_edge,
  title={Hello Edge: Keyword Spotting on Microcontrollers},
  author={Yundong Zhang and Naveen Suda and Liangzhen Lai and Vikas Chandra},
  journal={ArXiv},
  year={2017},
  volume={abs/1711.07128}
}

@article {tflite_risc-v,
	title = {Towards Deep Learning using TensorFlow Lite on RISC-V},
	journal = {Third Workshop on Computer Architecture Research with RISC-V (CARRV)},
	year = {2019},
	author = {Louis, Marcia Sahaya and Zahra Azad and Leila Delshadtehrani and Suyog Gupta and Pete Warden and Reddi, Vijay Janapa and Joshi, Ajay}
}

@misc{pete_tiny,
    title = "{Warden P., Why the future of machine learning is tiny}",
    howpublished = {\url{https://petewarden.com/2018/06/11/why-the-future-of-machine-learning-is-tiny/}},
    note = {06.07.2020}
}

@misc{daniel_edgeimpulse,
    title = "{Situnayake D., Make deep learning models run fast on embedded hardware}",
    howpublished = {\url{https://www.edgeimpulse.com/blog/make-deep-learning-models-run-fast-on-embedded-hardware/}},
    note = {06.07.2020}
}

